<record><leader>00826cam a2200265Ia 4500</leader><controlfield tag="001">ocm11036290</controlfield><controlfield tag="005">19850206160926.0</controlfield><controlfield tag="008">840809s1983    fr a     b    000 0 eng d</controlfield><datafield ind1=" " ind2=" " tag="020"><subfield code="a">972867700019</subfield></datafield><datafield ind1=" " ind2=" " tag="040"><subfield code="a">VCJ</subfield><subfield code="c">VCJ</subfield><subfield code="d">OCL</subfield><subfield code="d">IOG</subfield><subfield code="d">WaOLN</subfield><subfield code="d">UtOrBLW</subfield></datafield><datafield ind1="1" ind2=" " tag="041"><subfield code="a">eng</subfield></datafield><datafield ind1=" " ind2=" " tag="049"><subfield code="a">IOGL</subfield></datafield><datafield ind1=" " ind2=" " tag="090"><subfield code="a">ND1460.E95</subfield><subfield code="b">T49 1983</subfield></datafield><datafield ind1=" " ind2=" " tag="090"><subfield code="a">ND1460.E95</subfield><subfield code="b">T49 1983</subfield><subfield code="m">IOGL</subfield><subfield code="q">Cage</subfield><subfield code="i">35030000032025</subfield></datafield><datafield ind1="1" ind2=" " tag="100"><subfield code="a">Thornton, Lynne.</subfield></datafield><datafield ind1="1" ind2="4" tag="245"><subfield code="a">The Orientalists :</subfield><subfield code="b">painter-travellers, 1828-1908 /</subfield><subfield code="c">Lynne Thornton.</subfield></datafield><datafield ind1=" " ind2=" " tag="260"><subfield code="a">Paris :</subfield><subfield code="b">ACR Edition,</subfield><subfield code="c">1983.</subfield></datafield><datafield ind1=" " ind2=" " tag="300"><subfield code="a">272 p. :</subfield><subfield code="b">col. ill. ;</subfield><subfield code="c">29 cm.</subfield></datafield><datafield ind1=" " ind2=" " tag="504"><subfield code="a">Bibliography: p. 268-270.</subfield></datafield><datafield ind1=" " ind2=" " tag="590"><subfield code="a">gb.</subfield></datafield><datafield ind1=" " ind2="0" tag="650"><subfield code="a">Exoticism in art.</subfield></datafield><datafield ind1=" " ind2="0" tag="650"><subfield code="a">Painting, Modern</subfield><subfield code="y">19th century.</subfield></datafield><datafield ind1=" " ind2=" " tag="907"><subfield code="a">.b10027580</subfield><subfield code="b">06-15-09</subfield><subfield code="c">08-29-89</subfield></datafield><datafield ind1=" " ind2=" " tag="998"><subfield code="a">ioga</subfield><subfield code="b">02-06-85</subfield><subfield code="c">m</subfield><subfield code="d">a</subfield><subfield code="e">-</subfield><subfield code="f">eng</subfield><subfield code="g">fr </subfield><subfield code="h">0</subfield><subfield code="i">0</subfield></datafield><datafield ind1="e" ind2="b" tag="947" /></record>
